@online{Git2017,
	author = {Git SCM},
	title = {{git - About - Distributed}},
	url = {https://git-scm.com/about/distributed},
	urldate = {2017-05-16},
	year = {2017}
}
@book{Chacon2016,
	author = {Chacon, Scott and Straub, Ben},
	edition = {2},
	pages = {574},
	publisher = {Apress},
	title = {{Pro Git}},
	url = {https://progit2.s3.amazonaws.com/en/2016-03-22-f3531/progit-en.1084.pdf},
	year = {2016}
}
@misc{Finnamore2017,
	author = {Finnamore, Chris},
	booktitle = {TrustedReviews},
	title = {{Asus Tinker Board review: Better than a Raspberry Pi?}},
	url = {http://www.trustedreviews.com/reviews/asus-tinker-board},
	urldate = {2017-10-05},
	year = {2017}
}
@misc{Andrew2011,
	author = {Andrew},
	title = {{Difference Between C and C++}},
	url = {http://www.differencebetween.com/difference-between-c-and-c/},
	urldate = {2017-11-02},
	year = {2011}
}
@misc{Mishra2015,
	author = {Mishra, Neeraj},
	title = {{Difference between C and C++ in Tabular Form}},
	url = {https://www.thecrazyprogrammer.com/2015/03/difference-between-c-and-c-c-vs-c.html},
	urldate = {2017-11-02},
	year = {2015}
}
@misc{Aswinth2017,
	author = {Aswinth, Raj},
	title = {{Raspberry Pi Infrared (IR) Sensor Interfacing Tutorial}},
	url = {https://circuitdigest.com/microcontroller-projects/raspberry-pi-ir-sensor-tutorial},
	urldate = {2017-11-03},
	year = {2017}
}
@misc{Caro2015,
	author = {Caro, Julian},
	title = {{Black or white. The infrared sensor. | DIWO}},
	url = {http://diwo.bq.com/en/black-or-white-the-infrared-sensor/},
	urldate = {2017-11-03},
	year = {2015}
}
@misc{Meier2013,
	author = {Meier, Olaf},
	booktitle = {09.09},
	title = {{Mein Paket... ...ein 3-Achsen Beschleunigungssensor BMA 180 Bosch Sensortec - Arduino-HannoverArduino-Hannover}},
	url = {https://arduino-hannover.de/2013/09/09/mein-paket-ein-3-achsen-beschleunigungssensor-bma-180-bosch-sensortec/},
	urldate = {2017-11-05},
	year = {2013}
}
@misc{ReicheltE2017,
	author = {{Reichelt Elektronik}},
	title = {{GRV ELEC MAGNET: Arduino - Grove Elektromagnet bei reichelt elektronik}},
	url = {https://goo.gl/gR99j6},
	urldate = {2017-11-05},
	year = {2017}
}
@misc{RenoDenver2017,
	author = {{Reno Denver}},
	title = {{LoFive RISC-V by Qwerty Embedded Design | GroupGets}},
	url = {https://groupgets.com/manufacturers/qwerty-embedded-design/products/lofive-risc-v},
	urldate = {2017-11-05},
	year = {2017}
}
@misc{RaspberryPiFoundation2017,
	author = {RaspberryPiFoundation},
	title = {{Raspberry Pi 3 Model B - Raspberry Pi}},
	url = {https://www.raspberrypi.org/products/raspberry-pi-3-model-b/#buy-now-modal},
	urldate = {2017-11-03},
	year = {2017}
}
@misc{Liechti2017,
	abstract = {This module encapsulates the access for the serial port. It provides backends for Python running on Windows, OSX, Linux, BSD (possibly any POSIX compliant system) and IronPython. The module named “serial” automatically selects the appropriate backend.},
	author = {Liechti, Chris},
	title = {{Welcome to pySerial's documentation — pySerial 3.4 documentation}},
	url = {https://pyserial.readthedocs.io/en/latest/},
	urldate = {2017-11-03},
	year = {2017}
}
@misc{ElectronicsHub,
	author = {{Electronics Hub}},
	title = {{IR (Infrared) Obstacle Detection Sensor Circuit}},
	url = {http://www.electronicshub.org/ir-sensor/},
	urldate = {2017-11-05},
	year = {2015}
}
@book{Wittel2015,
	author = {Wittel, Herbert and Muhs, Dieter and Jannasch, Dieter and Vo{\ss}iek, Joachim},
	edition = {22},
	isbn = {978-3-658-09082-1},
	pages = {253},
	publisher = {Springer International},
	title = {{Roloff/Matek Maschinenelemente}},
	year = {2015}
}